% Encoding: UTF8

@INPROCEEDINGS{mypaper,
    author="Jiéverson Maissiat and Felipe Meneguzzi",
    title="Adaptive High-Level Strategy Learning in StarCraft",
    booktitle="Proceedings of the SBGames conference on Computing",
    address="Universidade Presbiteriana Mackenzie",
    days="16-18",
    month="oct",
    year="2013"
} 

@INCOLLECTION{watkins1992technical,
  title={Technical Note: Q-Learning},
  author={Watkins, Christopher JCH and Dayan, Peter},
  booktitle={Reinforcement Learning},
  pages={55--68},
  year={1992},
  publisher={Springer}
}

@INPROCEEDINGS{amato2010highlevel,
   author              = {Christopher Amato and Guy Shani},
   title               = {High-level reinforcement learning in strategy games},
   booktitle           = {Proceedings of the 9th International Conference on Autonomous Agents
	and Multiagent Systems},
   year                = {2010},
   pages               = {75-82},
   ee                  = {http://doi.acm.org/10.1145/1838206.1838217},
   crossref            = {2010}
}

@INPROCEEDINGS{balla2009uct,
   author              = {Radha-Krishna Balla and Alan Fern},
   title               = {UCT for Tactical Assault Planning in Real-Time Strategy Games},
   booktitle           = {Proceedings of the 21st International Joint Conference on Artificial Intelligence},
   year                = {2009},
   pages               = {40-45},
   ee                  = {http://ijcai.org/papers09/Papers/IJCAI09-018.pdf},
   crossref            = {2009}
}

@BOOK{bellman1957dynamic,
  title = {Dynamic Programming},
  publisher = {Princeton University Press, Princeton, New Jersey},
  year = {1957},
  author = {Bellman, R.}
}

@ARTICLE{buro2012real,
   author              = {Michael Buro and David Churchill},
   title               = {Real-Time Strategy Game Competitions},
   journal             = {AI Magazine},
   year                = {2012},
   volume = {33},
  pages = {106--108},
  number = {3},
   ee                  = {http://www.aaai.org/ojs/index.php/aimagazine/article/view/2419}
}

@INPROCEEDINGS{churchill2011build,
   author              = {David Churchill and Michael Buro},
   title               = {Build Order Optimization in StarCraft},
   booktitle           = {Proceedings of the Seventh Annual AAAI Conference on Artificial Intelligence and Interactive Digital Entertainment},
   year                = {2011},
   ee                  = {http://www.aaai.org/ocs/index.php/AIIDE/AIIDE11/paper/view/4078},
   crossref            = {2011},
   pages = {14--19}
}

@INPROCEEDINGS{cox2007metareasoning,
  author = {Michael T. Cox and Anita Raja},
  title = {Metareasoning: A manifesto},
  booktitle = {Proceedings of AAAI 2008  Workshop on Metareasoning: Thinking about
	Thinking},
  year = {2008},
  pages = {106--112},
  journal = {BBN Technical}
}

@ARTICLE{doya2002metalearning,
  author = {Kenji Doya},
  title = {Metalearning and neuromodulation},
  journal = {Neural Networks},
  year = {2002},
  volume = {15},
  pages = {495--506},
  number = {4},
  publisher = {Elsevier},
  ee = {http://dx.doi.org/10.1016/S0893-6080(02)00044-8}
}

@ARTICLE{dreyfus2002richard,
  author = {Stuart Dreyfus},
  title = {Richard Bellman on the birth of dynamic programming},
  journal = {Operations Research},
  year = {2002},
  pages = {48--51},
  publisher = {JSTOR},
  ee = {http://dx.doi.org/10.1287/opre.50.1.48.17791}
}

@TECHREPORT{ghory2004boardgames,
  author = {Imran Ghory},
  title = {Reinforcement learning in board games},
  institution = {University of Bristol},
  year = {2004},
  number = {CSTR-04-004}
}

@INPROCEEDINGS{graepel2004learningfight,
  author = {Graepel, T. and Herbrich, R. and Gold, J.},
  title = {Learning to fight},
  booktitle = {Proceedings of the International Conference on Computer Games: Artificial
	Intelligence, Design and Education},
  year = {2004},
  pages = {193--200}
}

@INPROCEEDINGS{guelpeli2003utilizaccao,
  author = {Guelpeli, M.V.C. and Ribeiro, C.H.C. and Omar, N.},
  title = {Utiliza{\c{c}}{\~a}o de aprendizagem por refor{\c{c}}o para modelagem
	aut{\^o}noma do aprendiz em um tutor inteligente},
  booktitle = {Anais do Simp{\'o}sio Brasileiro de Inform{\'a}tica na Educa{\c{c}}{\~a}o},
  year = {2003},
  volume = {1},
  number = {1},
  pages = {465--474}
}

@INPROCEEDINGS{hagelback2012potential,
  author = {Johan Hagelbäck},
  title = {Potential-field based navigation in StarCraft},
  booktitle = {Proceedings of the 2012 IEEE Conference
	on Computational Intelligence and Games (CIG)},
  year = {2012},
  pages = {388--393},
  organization = {IEEE},
  ee = {http://dx.doi.org/10.1109/CIG.2012.6374181},
}

@ARTICLE{kaelbling1996reinforcement,
  author = {Kaelbling, L.P. and Littman, M.L. and Moore, A.W.},
  title = {Reinforcement learning: A survey},
  journal = {Arxiv preprint cs/9605103},
  year = {1996},
  pages = {237--285},
  volume = {4},
  ee = {http://arxiv.org/abs/cs.AI/9605103}
}

@ARTICLE{mitten1964composition,
  author = {Mitten, LG},
  title = {Composition principles for synthesis of optimal multistage processes},
  journal = {Operations Research},
  year = {1964},
  volume = {12},
  pages = {610--619},
  number = {4},
  publisher = {INFORMS}
}

@INPROCEEDINGS{mohan2010ralationalmario,
   author              = {Shiwali Mohan and John E. Laird},
   title               = {Relational Reinforcement Learning in Infinite Mario.},
   booktitle           = {Proceedings of the Twenty-Fourth AAAI Conference on Artificial Intelligence},
   year                = {2010},
   ee                  = {http://www.aaai.org/ocs/index.php/AAAI/AAAI10/paper/view/1657},
   crossref            = {2010},
   pages = {1953-1954}
}

@ARTICLE{morin1982monotonicity,
  author = {Morin, T.L.},
  title = {Monotonicity and the principle of optimality},
  journal = {Journal of Mathematical Analysis and Applications},
  year = {1982},
  volume = {88},
  pages = {665--674},
  number = {2},
  publisher = {Elsevier}
}

@BOOK{puterman1994markov,
  title = {Markov decision processes: Discrete stochastic dynamic programming},
  publisher = {John Wiley \& Sons, Inc.},
  year = {1994},
  author = {Puterman, M.L.}
}

@BOOK{AIprogrammingWisdom,
  title = {{AI} Game Programming Wisdom},
  publisher = {Charles River Media},
  year = {2002},
  author = {Rabin, S.}
}

@INPROCEEDINGS{rodrigues2009dynamic,
  author = {Rodrigues Gomes, Eduardo and Kowalczyk, Ryszard},
  title = {Dynamic analysis of multiagent Q-learning with $\varepsilon$-greedy
	exploration},
  booktitle = {Proceedings of the 26th Annual International Conference on Machine
	Learning},
  year = {2009},
  pages = {369--376},
  organization = {ACM}
}

@BOOK{russell1995artificial,
  title = {Artificial Intelligence: A Modern Approach},
  publisher = {Prentice Hall},
  year = {2009},
  editor = {3rd ed},
  author = {Russell, S.J. and Norvig, P.},
  volume = {2}
}

@ARTICLE{sandholm1996multiagent,
  author = {T. Sandholm and R. Crites},
  title = {Multiagent reinforcement learning in the iterated prisoner's dilemma},
  journal = {Biosystems},
  year = {1996},
  volume = {37},
  pages = {147--166},
  number = {1-2},
  publisher = {Elsevier}
}

@INPROCEEDINGS{schut2002partially,
  author = {Schut, Martijn and Wooldridge, Michael and Parsons, Simon},
  title = {On Partially Observable MDPs and BDI Models},
  booktitle = {Selected papers from the UKMAS Workshop on Foundations and Applications
	of Multi-Agent Systems},
  year = {2002},
  pages = {243--260},
  address = {London, UK},
  publisher = {Springer-Verlag},
  acmid = {695386},
  file = {:http\://www.cs.vu.nl/~schut/pubs/Schut/2002b.pdf:PDF},
  isbn = {3-540-43962-5},
  numpages = {18}
}

@ARTICLE{schweighofer2003meta,
  author = {Nicolas Schweighofer and Kenji Doya},
  title = {Meta-learning in reinforcement learning},
  journal = {Neural Networks},
  year = {2003},
  volume = {16},
  pages = {5--9},
  number = {1},
  publisher = {Elsevier}
}

@INPROCEEDINGS{shantia2011connectionist,
  author = {Amirhosein Shantia and Eric Begue and Marco Wiering},
  title = {Connectionist reinforcement learning for intelligent unit micro management
	in starcraft},
  booktitle = {Proceedings of the 2011 International Joint Conference Neural Networks (IJCNN)
	on},
  year = {2011},
  pages = {1794--1801},
  ee = {http://dx.doi.org/10.1109/IJCNN.2011.6033442},
  organization = {IEEE}
}

@ARTICLE{stone2005reinforcement,
  author = {Stone, P. and Sutton, R.S. and Kuhlmann, G.},
  title = {Reinforcement learning for robocup soccer keepaway},
  journal = {Adaptive Behavior},
  year = {2005},
  volume = {13},
  pages = {165--188},
  number = {3},
  ee = {http://dx.doi.org/10.1177/105971230501300301},
  publisher = {Sage Publications}
}

@ARTICLE{sutton1991dyna,
  author = {Richard S. Sutton},
  title = {Dyna, an integrated architecture for learning, planning, and reacting},
  journal = {ACM SIGART Bulletin},
  year = {1991},
  volume = {2},
  pages = {160--163},
  number = {4},
  doi = {10.1145/122344.122377},
  publisher = {ACM}
}

@BOOK{sutton1998reinforcement,
  title = {Reinforcement learning: An introduction},
  publisher = {Cambridge Univ Press},
  year = {1998},
  author = {Sutton, R.S. and Barto, A.G.},
  volume = {1},
  number = {1}
}

@INPROCEEDINGS{taylor2011teachingmario,
  author = {Taylor, M.E.},
  title = {Teaching reinforcement learning with Mario: An argument and case study},
  booktitle = {Proceedings of the Second Symposium on Educational Advances in Artifical
	Intelligence},
  year = {2011},
  pages = {1737--1742}
}

@ARTICLE{tesauro2002pricing,
  author = {Gerald Tesauro and Jeffrey O. Kephart},
  title = {Pricing in Agent Economies Using Multi-Agent Q-Learning.},
  journal = {Autonomous Agents and Multi-Agent Systems},
  year = {2002},
  volume = {5},
  pages = {289--304},
  number = {3},
  publisher = {Springer}
}

@INPROCEEDINGS{ulam2008combining,
  author = {Patrick Ulam and Joshua Jones and Ashok K. Goel},
  title = {Combining Model-Based Meta-Reasoning and Reinforcement Learning for Adapting Game-Playing Agents.},
  booktitle = {Proceedings of the Fourth AAAI Conference on AI in Interactive Digital Environment},
  ee = {http://www.aaai.org/Library/AIIDE/2008/aiide08-022.php},
  year = {2008}
}

@BOOK{vapnik2000nature,
  author = {Vladimir N. Vapnik},
  title = {The nature of statistical learning theory},
  publisher = {Springer-Verlag New York Inc},
  year = {2000}
}

@ARTICLE{vilalta2004using,
  author              = {Ricardo Vilalta and Christophe G. Giraud-Carrier and Pavel Brazdil and Carlos Soares},
  title = {Using Meta-Learning to Support Data Mining},
  journal = {International Journal of Computer Science \& Applications},
  year = {2004},
  volume = {1},
  pages = {31--45},
  number = {1},
  ee = {http://www.tmrfindia.org/ijcsa/V1I13.pdf},
  publisher = {Technomathematics Research Foundation}
}